<record><leader>00000cas a2200000Ma 4500</leader><controlfield tag="001">10931597</controlfield><controlfield tag="008">840710d18651867mauwr ne      0   a0eng d</controlfield><datafield ind1=" " ind2=" " tag="010"><subfield code="a">sn 84023660 </subfield></datafield><datafield ind1=" " ind2=" " tag="040"><subfield code="a">AQM</subfield><subfield code="c">AQM</subfield><subfield code="d">OCLCG</subfield><subfield code="d">KRTAS</subfield><subfield code="d">BRL</subfield></datafield><datafield ind1="0" ind2="4" tag="245"><subfield code="a">The Right way.</subfield></datafield><datafield ind1=" " ind2=" " tag="260"><subfield code="a">Boston, Mass. :</subfield><subfield code="b">William W. Thayer,</subfield><subfield code="c">1865-1867.</subfield></datafield><datafield ind1=" " ind2=" " tag="300"><subfield code="a">2 v. ;</subfield><subfield code="c">56 cm.</subfield></datafield><datafield ind1=" " ind2=" " tag="310"><subfield code="a">Weekly</subfield></datafield><datafield ind1="0" ind2=" " tag="362"><subfield code="a">No. 1 (Nov. 18, 1865)-no. 20 (Apr. 7, 1866); vol. 2, no. 1 (Apr. 14, 1866)-v. 2, no. 47 (Mar. 2, 1867).</subfield></datafield><datafield ind1=" " ind2=" " tag="530"><subfield code="a">Also available on microfilm from the New York Public Library.</subfield></datafield><datafield ind1=" " ind2=" " tag="550"><subfield code="a">"Organ of the Impartial Suffrage League," Sept. 22, 1866-Mar. 2, 1867.</subfield></datafield><datafield ind1=" " ind2=" " tag="500"><subfield code="a">Editors: G.L. Stearns, 1865-&lt;1866&gt;; W.W. Thayer, 1866-1867.</subfield></datafield><datafield ind1=" " ind2=" " tag="500"><subfield code="a">Printers: Geo. C. Rand &amp; Avery, 1865-1867.</subfield></datafield><datafield ind1=" " ind2=" " tag="500"><subfield code="a">"The advocate of just &amp; safe reconstruction, impartial suffrage, and equal rights without distinction of color or race."</subfield></datafield><datafield ind1=" " ind2="7" tag="655"><subfield code="a">Newspapers.</subfield><subfield code="2">rbgenr</subfield></datafield><datafield ind1="1" ind2=" " tag="700"><subfield code="a">Stearns, Geo. L.</subfield><subfield code="q">(George Luther),</subfield><subfield code="d">1809-1867.</subfield></datafield><datafield ind1="1" ind2=" " tag="700"><subfield code="a">Thayer, William Wilde,</subfield><subfield code="d">1829-1896.</subfield></datafield><datafield ind1="2" ind2=" " tag="710"><subfield code="a">Impartial Suffrage League.</subfield></datafield><datafield ind1=" " ind2=" " tag="752"><subfield code="a">United States</subfield><subfield code="b">Massachusetts</subfield><subfield code="c">Suffolk</subfield><subfield code="d">Boston.</subfield></datafield><datafield ind1=" " ind2=" " tag="938"><subfield code="a">Kirtas Technologies, Inc.</subfield><subfield code="b">KRTS</subfield><subfield code="n">738597</subfield></datafield><datafield ind1="1" ind2=" " tag="029"><subfield code="a">AU@</subfield><subfield code="b">000024693570</subfield></datafield></record>